
@InBook{TaschenbuchAlgorithmen,
  title     = {Taschenbuch der Algorithmen},
  publisher = {Springer-Verlag Berlin Heidelberg},
  year      = {2008},
  author    = {Berthold Vöcking and Helmut Alt and Martin Dietzfelbinger and Rüdiger Reischuk and Christian Scheideler and Heribert Vollmer and Dorothea Wagner},
}

@Article{Biological,
  author  = {J.-L. Deneubourg and S. Aron and S. Goss and J. M. Pasteels},
  title   = {The Self-Organizing Exploratory Pattern of the Argentine Ant},
  journal = {Journal of lnsect Behavior, Vol. 3, No. 2},
  year    = {1990},
}

@Article{MultiColony,
  author  = {Enxiu Chen and Xiyu Liu},
  title   = {Multi-Colony Ant Algorithm},
  journal = {InTech},
  year    = {2011},
}

@Article{Dorigo2007,
  author  = {Marco Dorigo},
  title   = {{A}nt colony optimization},
  journal = {Scholarpedia},
  year    = {2007},
  volume  = {2},
  number  = {3},
  note    = {{revision \#90969}},
  doi     = {10.4249/scholarpedia.1461},
}

@Article{Ameisen,
  author  = {Christian Dietrich and Erich Steiner},
  title   = {{Das Leben unserer Ameisen - ein Überblick}},
  journal = {Biologiezentrum Linz/Austria},
}

@Article{MainACO,
  author  = {Marco Dorigo and Mauro Birattari and Thomas Stützle},
  title   = {Ant Colony Optimization},
  journal = {IEEE COMPUTATIONAL INTELLIGENCE MAGAZINE},
  year    = {2006},
}

@Book{TSP,
  title     = {The Traveling Salesman Problem - A Guided Tour of Combinatorial Optimization},
  publisher = {John Wiley and Sons Ltd.},
  year      = {1985},
  author    = {E.L. Lawler and J.K.Lenstra and A.H.G. Rinnooy Kan and D.B. Shmoys},
}

@Book{Applegate2007,
  title     = {The traveling salesman problem: a computational study},
  publisher = {Princeton University Press},
  year      = {2007},
  author    = {David L. Applegate and Robert E. Bixby and Vasek Chvátal and William J. Cook},
  isbn      = {9780691129938},
}

@Article{Groetschel2005,
  author  = {M. Grötschel},
  title   = {{Schnelle Rundreisen: Das Travelling Salesman-Problem}},
  journal = {ZIB-Report 05-57},
  year    = {2005},
}

@Article{Lotz2014,
  author = {S. Lotz},
  title  = {{Lösung und graphische Darstellung des Traveling Salesman Problems in einer Webapplikation}},
  year   = {2014},
}

@Book{MST,
  title     = {Spanning Trees and Optimization Problems},
  publisher = {Chapman \& Hall/CRC},
  year      = {2004},
  author    = {Bang Ye Wu and Kun-Mao Chao},
}

@Book{TSPVariations,
  title     = {The Traveling Salesman Problem and Its Variations},
  publisher = {Kluwer Academic Publishers},
  year      = {2002},
  author    = {G. Gutin and A. P. Punnen},
}

@Article{TSPLIB,
  author  = {Gerhard Reinelt},
  title   = {{TSPLIB - A Traveling Salesman Problem Library}},
  journal = {ORSA Journal on Computing},
  year    = {1991},
}

@Book{Distanz,
  title     = {{Encyclopedia of Distances}},
  publisher = {Springer-Verlag Berlin Heidelberg},
  year      = {2009},
  author    = {Elena Deza and Michel Marie Deza},
}

@Article{MaxMin,
  author  = {Thomas Stützle and Holger H. Hoos},
  title   = {{MAX-MIN Ant System}},
  journal = {Future Generation Computer Systems},
  year    = {2000},
}

@Book{graphKemnitz,
  title  = {Graphentheorie},
  publisher = {{TU Braunschweig}},
  year   = {2000},
  author = {Arnfried Kemnitz},
}

@Book{Microchip,
  title  = {{Generalized Network Design Problems: Modeling and Optimization}},
  publisher = {{Walter de Gruyter GmbH, Berlin/Boston}},
  year   = {2012},
  author = {Petrica C. Pop},
}

@Book{graphDiestel,
  title     = {Graphentheorie},
  publisher = {Springer-Verlag Heidelberg},
  year      = {2006},
  author    = {Reinhard Diestel},
}

@misc{Concorde,
  title = {{Benchmark TSP Information}},
  howpublished = {\url{http://www.math.uwaterloo.ca/tsp/concorde/benchmarks/bench99.html}},
  note = {Letzter Zugriff: 2018-12-09},
}

@misc{WebsiteTSP,
  title = {{TSPLIB}},
  howpublished = {\url{https://www.iwr.uni-heidelberg.de/groups/comopt/software/TSPLIB95}},
  note = {Letzter Zugriff: 2018-12-09},
}

@Article{DNA,
  author  = {Kelci Miclaus and Rob Pratt and Matthew Galati},
  title   = {{The Traveling Salesman Traverses the Genome: Using SAS® Optimization in JMP® Genomics to build Genetic Maps}},
  journal = {SAS Institute, Cary, NC},
  year    = {2012},
}

@misc{ConcordeMain,
  title = {{Concorde TSP Solver}},
  howpublished = {\url{http://www.math.uwaterloo.ca/tsp/concorde.html}},
  note = {Letzter Zugriff: 2018-15-09},
}
